
@article{jebari_selection_2013,
	title = {Selection Methods for Genetic Algorithms.},
	number = {4},
	urldate = {2015-01-20},
	journal = {International Journal of Emerging Sciences},
	author = {Jebari, Khalid and Madiafi, Mohammed},
	year = {2013}
}


@incollection{ryan_grammatical_1998,
	title = {Grammatical evolution: Evolving programs for an arbitrary language},
	shorttitle = {Grammatical evolution},
	urldate = {2015-01-20},
	booktitle = {Genetic Programming},
	publisher = {Springer},
	author = {Ryan, Conor and Collins, J. J. and Neill, Michael O.},
	year = {1998},
	pages = {83--96}
}


@incollection{miller_cartesian_2000,
	title = {Cartesian genetic programming},
	urldate = {2015-01-20},
	booktitle = {Genetic Programming},
	publisher = {Springer},
	author = {Miller, Julian F. and Thomson, Peter},
	year = {2000},
	pages = {121--132}
}

@misc{robocode_scoring,
	title = {Robocode/Scoring - {RoboWiki}},
	url = {http://robowiki.net/wiki/Robocode/Scoring},
	urldate = {2015-01-21}
}

 @Manual{r_stats,
    title = {R: A Language and Environment for Statistical Computing},
    author = {{R Core Team}},
    organization = {R Foundation for Statistical Computing},
    address = {Vienna, Austria},
    year = {2014},
    url = {http://www.R-project.org/},
}